<record><leader>00000cas a2200000 a 4500</leader><controlfield tag="001">5133634</controlfield><controlfield tag="008">790703d19uu1990iluwr ne      0   a0eng c</controlfield><datafield ind1=" " ind2=" " tag="010"><subfield code="a">sn 79003278 </subfield></datafield><datafield ind1=" " ind2=" " tag="040"><subfield code="a">NSD</subfield><subfield code="b">eng</subfield><subfield code="c">NSD</subfield><subfield code="d">NVF</subfield><subfield code="d">NSD</subfield><subfield code="d">OCLCQ</subfield><subfield code="d">NVF</subfield><subfield code="d">OCLCQ</subfield><subfield code="d">NVF</subfield><subfield code="d">OCLCQ</subfield><subfield code="d">OCLCF</subfield><subfield code="d">NVF</subfield><subfield code="d">OCLCO</subfield><subfield code="d">OCL</subfield></datafield><datafield ind1=" " ind2=" " tag="012"><subfield code="j">0</subfield><subfield code="k">1</subfield><subfield code="m">1</subfield></datafield><datafield ind1="1" ind2=" " tag="022"><subfield code="a">0192-1959</subfield><subfield code="l">0192-1959</subfield><subfield code="2">1</subfield></datafield><datafield ind1=" " ind2=" " tag="032"><subfield code="a">063210</subfield><subfield code="b">USPS</subfield></datafield><datafield ind1=" " ind2=" " tag="042"><subfield code="a">nsdp</subfield><subfield code="a">pcc</subfield></datafield><datafield ind1=" " ind2=" " tag="043"><subfield code="a">n-us-il</subfield></datafield><datafield ind1=" " ind2="4" tag="222"><subfield code="a">The Journal of Wood River township</subfield></datafield><datafield ind1="0" ind2="4" tag="245"><subfield code="a">The Journal of Wood River Township.</subfield></datafield><datafield ind1=" " ind2=" " tag="260"><subfield code="a">Wood River, Ill. :</subfield><subfield code="b">J.A. Wilson</subfield></datafield><datafield ind1=" " ind2=" " tag="300"><subfield code="a">v.</subfield></datafield><datafield ind1=" " ind2=" " tag="310"><subfield code="a">Weekly</subfield></datafield><datafield ind1="0" ind2=" " tag="362"><subfield code="a">-v. 69, no. 52 (Jan. 3, 1990).</subfield></datafield><datafield ind1=" " ind2=" " tag="588"><subfield code="a">Description based on: Vol. 50 no. 19 (Jan. 8, 1970).</subfield></datafield><datafield ind1=" " ind2="0" tag="651"><subfield code="a">Wood River (Ill. : Township)</subfield><subfield code="v">Newspapers.</subfield></datafield><datafield ind1=" " ind2="7" tag="651"><subfield code="a">Illinois</subfield><subfield code="z">Wood River (Township)</subfield><subfield code="2">fast</subfield><subfield code="0">(OCoLC)fst01331302</subfield></datafield><datafield ind1=" " ind2="7" tag="655"><subfield code="a">Newspapers.</subfield><subfield code="2">fast</subfield><subfield code="0">(OCoLC)fst01423814</subfield></datafield><datafield ind1=" " ind2=" " tag="752"><subfield code="a">United States</subfield><subfield code="b">Illinois</subfield><subfield code="c">Madison</subfield><subfield code="d">Wood River.</subfield></datafield><datafield ind1="0" ind2="0" tag="780"><subfield code="t">Journal (Wood River, Ill.)</subfield><subfield code="w">(DLC)sn 91054179</subfield><subfield code="w">(OCoLC)24782547</subfield></datafield><datafield ind1="0" ind2="0" tag="785"><subfield code="t">Wood River journal neighbors</subfield><subfield code="w">(DLC)sn 91054180</subfield><subfield code="w">(OCoLC)24782707</subfield></datafield><datafield ind1="1" ind2=" " tag="029"><subfield code="a">AU@</subfield><subfield code="b">000025801043</subfield></datafield></record>